@article{soni2011predictive,
  title={Predictive data mining for medical diagnosis: An overview of heart disease prediction},
  author={Soni, Jyoti and Ansari, Ujma and Sharma, Dipesh and Soni, Sunita and others},
  journal={International Journal of Computer Applications},
  volume={17},
  number={8},
  pages={43--48},
  year={2011}
}

@inproceedings{chen2011hdps,
  title={HDPS: Heart disease prediction system},
  author={Chen, Austin H and Huang, Shu-Yi and Hong, Pei-Shan and Cheng, Chieh-Hao and Lin, En-Ju},
  booktitle={2011 computing in Cardiology},
  pages={557--560},
  year={2011},
  organization={IEEE}
}